% File references.bib separato:

@article{smalley1986spectro,
  author = {Smalley, Denis},
  title = {Spectro-morphology and Structuring Processes},
  journal = {The Language of Electroacoustic Music},
  editor = {Emmerson, Simon},
  publisher = {Palgrave Macmillan},
  year = {1986}
}

@article{smalley1997spectromorphology,
  author = {Smalley, Denis},
  title = {Spectromorphology: explaining sound-shapes},
  journal = {Organised Sound},
  volume = {2},
  number = {2},
  pages = {107--126},
  year = {1997}
}

@article{thoresen2007form,
  author = {Thoresen, Lasse},
  title = {Form-building patterns and metaphoric fields in Luciano Berio's Sequenza VII},
  journal = {Organised Sound},
  volume = {12},
  number = {2},
  pages = {163--178},
  year = {2007}
}

@inbook{mcadams2022perception,
  author = {McAdams, Stephen and others},
  title = {Perception and cognition of musical timbre},
  booktitle = {Springer Handbook of Systematic Musicology},
  publisher = {Springer},
  year = {2022}
}

@book{rognoni1966fenomenologia,
  author = {Rognoni, Luigi},
  title = {Fenomenologia della musica radicale},
  publisher = {Laterza},
  address = {Bari},
  year = {1966},
  note = {poi Milano: Garzanti, 1974}
}

@article{hatten2021speculative,
  author = {Hatten, Robert S.},
  title = {A Speculative Hermeneutics for Music Analysis and Interpretation},
  journal = {The Musical Quarterly},
  volume = {104},
  number = {1-2},
  pages = {12--32},
  year = {2021}
}

@article{clarke2011between,
  author = {Clarke, David},
  title = {Between hermeneutics and formalism: Music analysis after Lawrence Kramer},
  journal = {Music Analysis},
  volume = {30},
  number = {2-3},
  pages = {309--359},
  year = {2011}
}

@article{kharicheva2020role,
  author = {Kharicheva, Daria V. and others},
  title = {The Role of Musical Hermeneutics in the Formation of a Culture of Interpretation in Performers},
  journal = {Humanities \& Social Sciences Reviews},
  volume = {8},
  number = {2},
  pages = {130--135},
  year = {2020}
}

% ESTENSIONI BIBLIOGRAFICHE:

@book{merleau-ponty1945phenomenologie,
  author = {Merleau-Ponty, Maurice},
  title = {Fenomenologia della percezione},
  publisher = {Bompiani},
  address = {Milano},
  year = {2003},
  note = {ed. orig. Phénoménologie de la perception, Gallimard, Paris 1945}
}

@book{gadamer1960wahrheit,
  author = {Gadamer, Hans-Georg},
  title = {Verità e metodo},
  publisher = {Bompiani},
  address = {Milano},
  year = {2000},
  note = {ed. orig. Wahrheit und Methode, Mohr Siebeck, Tübingen 1960}
}

@book{cacciari1996metafisica,
  author = {Cacciari, Massimo},
  title = {Metafisica concreta},
  publisher = {Adelphi},
  address = {Milano},
  year = {1996}
}

@book{cacciari1991labirinto,
  author = {Cacciari, Massimo},
  title = {Labirinto filosofico},
  publisher = {Adelphi},
  address = {Milano},
  year = {1991}
}

@book{severino1989filosofia,
  author = {Severino, Emanuele},
  title = {La filosofia futura},
  publisher = {Rizzoli},
  address = {Milano},
  year = {1989}
}

@book{ihde2007listening,
  author = {Ihde, Don},
  title = {Listening and Voice: Phenomenologies of Sound},
  publisher = {SUNY Press},
  year = {2007},
  edition = {2nd}
}

@article{magnusson2009hermeneutic,
  author = {Magnusson, Thor},
  title = {Of Epistemic Tools: musical notation as cognitive artifact},
  journal = {Contemporary Music Review},
  volume = {28},
  number = {3},
  pages = {309--321},
  year = {2009}
}

@book{freire1970pedagogia,
  author = {Freire, Paulo},
  title = {La pedagogia degli oppressi},
  publisher = {EGA},
  address = {Torino},
  year = {2002},
  note = {ed. orig. Pedagogia do oprimido, Paz e Terra, Rio de Janeiro 1970}
}

@book{agamben2008apparatus,
  author = {Agamben, Giorgio},
  title = {Che cos'è un dispositivo?},
  publisher = {Nottetempo},
  address = {Roma},
  year = {2006},
  note = {poi in Che cos'è il contemporaneo?, Nottetempo, Roma 2008}
}

@book{bachmann1993letteratura,
  author = {Bachmann, Ingeborg},
  title = {Letteratura come utopia},
  publisher = {Adelphi},
  address = {Milano},
  year = {1993},
  series = {Piccola biblioteca Adelphi},
  number = {284},
  translator = {Andreina Lavagetto},
  isbn = {978-88-459-1027-7},
  language = {italian},
  note = {Titolo originale: \textit{Literatur als Utopie}}
}

@book{simondon1958individuation,
  author = {Simondon, Gilbert},
  title = {Du mode d'existence des objets techniques},
  publisher = {Aubier},
  address = {Paris},
  year = {1958},
  note = {trad. it. L'individuazione psichica e collettiva, DeriveApprodi, Roma 2001}
}

@article{lupone2003feedback,
  author = {Lupone, Michelangelo},
  title = {The Beginning of a New World of Music. Live Electronics in the Feedback Studio},
  journal = {Computer Music Journal},
  volume = {27},
  number = {1},
  pages = {18--25},
  year = {2003}
}

@inproceedings{lupone2014planofantasy,
  author = {Lupone, Michelangelo and Seno, Silvia},
  title = {The Planophonic Piano and the PianoFancy System},
  booktitle = {Proceedings of the International Conference on New Interfaces for Musical Expression},
  pages = {47--50},
  year = {2014},
  address = {London}
}

@article{guaccero1970improvvisazione,
  author = {Guaccero, Domenico},
  title = {Improvvisazione e composizione},
  journal = {Nuova Rivista Musicale Italiana},
  volume = {4},
  number = {3},
  pages = {445--462},
  year = {1970}
}

@book{bertoncini1976musica,
  author = {Bertoncini, Mario},
  title = {Musica e elaborazione. Scritti 1960-1975},
  publisher = {Semar},
  address = {Roma},
  year = {1976}
}

@book{ginc1974nuova,
  author = {GINC, {Gruppo di Improvvisazione di Nuova Consonanza}},
  title = {La nuova consonanza: manifesti e scritti},
  editor = {Evangelisti, Franco and Guaccero, Domenico},
  publisher = {Bulzoni},
  address = {Roma},
  year = {1974}
}

@unpublished{cortegiani2024adi,
  author = {Cortegiani, Alice},
  title = {Autocostruzione di un Interprete: per quale musica?},
  year = {2024},
  note = {Proposta di dottorato, documento di presentazione. Disponibile: \url{https://github.com/Metabolismo/ADI-PQM}}
}

@book{husserl1913ideen,
  author = {Husserl, Edmund},
  title = {Idee per una fenomenologia pura e per una filosofia fenomenologica},
  publisher = {Einaudi},
  address = {Torino},
  year = {2002},
  note = {ed. orig. Ideen zu einer reinen Phänomenologie und phänomenologischen Philosophie, Halle 1913}
}

@unpublished{guaccero1973luz,
  author = {Guaccero, Domenico},
  title = {Luz, Da descrizione del corpo},
  year = {1973},
  note = {Partitura manoscritta inedita}
}
